[gd_scene load_steps=11 format=2]

[ext_resource path="res://PlayerUnits/Globulo.tscn" type="PackedScene" id=1]
[ext_resource path="res://PlayerUnits/Clonador.gd" type="Script" id=2]
[ext_resource path="res://Assets/Units/Globulo_attack.png" type="Texture" id=3]
[ext_resource path="res://Assets/Units/Globulo_normal.png" type="Texture" id=4]
[ext_resource path="res://Particles/BurbujasTrail.tscn" type="PackedScene" id=5]
[ext_resource path="res://Assets/Effects/twirl_03.png" type="Texture" id=6]

[sub_resource type="SpriteFrames" id=1]
animations = [ {
"frames": [  ],
"loop": true,
"name": "default",
"speed": 5.0
}, {
"frames": [ ExtResource( 4 ) ],
"loop": false,
"name": "Idle",
"speed": 5.0
}, {
"frames": [ ExtResource( 4 ), ExtResource( 3 ), ExtResource( 3 ), ExtResource( 4 ) ],
"loop": false,
"name": "Attack",
"speed": 3.0
} ]

[sub_resource type="CircleShape2D" id=2]
radius = 24.0

[sub_resource type="CircleShape2D" id=3]
radius = 128.0

[sub_resource type="CircleShape2D" id=4]
radius = 48.6621

[node name="Clonador" instance=ExtResource( 1 )]
script = ExtResource( 2 )
movement_max_speed = 50.0

[node name="Burbujas" parent="Visuals" index="0" instance=ExtResource( 5 )]
position = Vector2( 0, 16 )
scale = Vector2( 0.5, 0.5 )
emitting = false

[node name="AnimatedSprite" parent="Visuals" index="1"]
scale = Vector2( 0.3, 0.3 )
frames = SubResource( 1 )
animation = "Idle"

[node name="Hit" type="Sprite" parent="Visuals" index="2"]
visible = false
modulate = Color( 0.423529, 0.643137, 0.352941, 1 )
position = Vector2( 32, 8 )
scale = Vector2( 0.15, 0.15 )
texture = ExtResource( 6 )
flip_h = true

[node name="CollisionShape2D" parent="." index="1"]
shape = SubResource( 2 )

[node name="CollisionShape2D" parent="DetectionRange" index="0"]
shape = SubResource( 3 )

[node name="CollisionShape2D" parent="AttackRange" index="0"]
shape = SubResource( 4 )

[node name="Timer" type="Timer" parent="." index="5"]
[connection signal="timeout" from="Timer" to="." method="_on_Timer_timeout"]
